%YAML 1.1
%TAG !u! tag:unity3d.com,2011:
--- !u!29 &1
OcclusionCullingSettings:
  m_ObjectHideFlags: 0
  serializedVersion: 2
  m_OcclusionBakeSettings:
    smallestOccluder: 5
    smallestHole: 0.25
    backfaceThreshold: 100
  m_SceneGUID: 00000000000000000000000000000000
  m_OcclusionCullingData: {fileID: 0}
--- !u!104 &2
RenderSettings:
  m_ObjectHideFlags: 0
  serializedVersion: 8
  m_Fog: 0
  m_FogColor: {r: 0.5, g: 0.5, b: 0.5, a: 1}
  m_FogMode: 3
  m_FogDensity: 0.01
  m_LinearFogStart: 0
  m_LinearFogEnd: 300
  m_AmbientSkyColor: {r: 0.212, g: 0.227, b: 0.259, a: 1}
  m_AmbientEquatorColor: {r: 0.114, g: 0.125, b: 0.133, a: 1}
  m_AmbientGroundColor: {r: 0.047, g: 0.043, b: 0.035, a: 1}
  m_AmbientIntensity: 1
  m_AmbientMode: 3
  m_SubtractiveShadowColor: {r: 0.42, g: 0.478, b: 0.627, a: 1}
  m_SkyboxMaterial: {fileID: 0}
  m_HaloStrength: 0.5
  m_FlareStrength: 1
  m_FlareFadeSpeed: 3
  m_HaloTexture: {fileID: 0}
  m_SpotCookie: {fileID: 10001, guid: 0000000000000000e000000000000000, type: 0}
  m_DefaultReflectionMode: 0
  m_DefaultReflectionResolution: 128
  m_ReflectionBounces: 1
  m_ReflectionIntensity: 1
  m_CustomReflection: {fileID: 0}
  m_Sun: {fileID: 0}
  m_IndirectSpecularColor: {r: 0, g: 0, b: 0, a: 1}
--- !u!157 &3
LightmapSettings:
  m_ObjectHideFlags: 0
  serializedVersion: 11
  m_GIWorkflowMode: 1
  m_GISettings:
    serializedVersion: 2
    m_BounceScale: 1
    m_IndirectOutputScale: 1
    m_AlbedoBoost: 1
    m_TemporalCoherenceThreshold: 1
    m_EnvironmentLightingMode: 0
    m_EnableBakedLightmaps: 0
    m_EnableRealtimeLightmaps: 0
  m_LightmapEditorSettings:
    serializedVersion: 9
    m_Resolution: 2
    m_BakeResolution: 40
    m_TextureWidth: 1024
    m_TextureHeight: 1024
    m_AO: 0
    m_AOMaxDistance: 1
    m_CompAOExponent: 1
    m_CompAOExponentDirect: 0
    m_Padding: 2
    m_LightmapParameters: {fileID: 0}
    m_LightmapsBakeMode: 1
    m_TextureCompression: 1
    m_FinalGather: 0
    m_FinalGatherFiltering: 1
    m_FinalGatherRayCount: 256
    m_ReflectionCompression: 2
    m_MixedBakeMode: 2
    m_BakeBackend: 0
    m_PVRSampling: 1
    m_PVRDirectSampleCount: 32
    m_PVRSampleCount: 500
    m_PVRBounces: 2
    m_PVRFilterTypeDirect: 0
    m_PVRFilterTypeIndirect: 0
    m_PVRFilterTypeAO: 0
    m_PVRFilteringMode: 1
    m_PVRCulling: 1
    m_PVRFilteringGaussRadiusDirect: 1
    m_PVRFilteringGaussRadiusIndirect: 5
    m_PVRFilteringGaussRadiusAO: 2
    m_PVRFilteringAtrousPositionSigmaDirect: 0.5
    m_PVRFilteringAtrousPositionSigmaIndirect: 2
    m_PVRFilteringAtrousPositionSigmaAO: 1
  m_LightingDataAsset: {fileID: 0}
  m_UseShadowmask: 1
--- !u!196 &4
NavMeshSettings:
  serializedVersion: 2
  m_ObjectHideFlags: 0
  m_BuildSettings:
    serializedVersion: 2
    agentTypeID: 0
    agentRadius: 0.5
    agentHeight: 2
    agentSlope: 45
    agentClimb: 0.4
    ledgeDropHeight: 0
    maxJumpAcrossDistance: 0
    minRegionArea: 2
    manualCellSize: 0
    cellSize: 0.16666667
    manualTileSize: 0
    tileSize: 256
    accuratePlacement: 0
    debug:
      m_Flags: 0
  m_NavMeshData: {fileID: 0}
--- !u!114 &126470338 stripped
MonoBehaviour:
  m_PrefabParentObject: {fileID: 114610432386417540, guid: 69a7eb453643b1249a2598bed4583883,
    type: 2}
  m_PrefabInternal: {fileID: 719395679}
  m_Script: {fileID: 11500000, guid: 7835db55ece9244428d94238e9a9218b, type: 3}
--- !u!114 &152300215 stripped
MonoBehaviour:
  m_PrefabParentObject: {fileID: 114081518606128162, guid: ca257edba88d0f946835c08c4100ba24,
    type: 2}
  m_PrefabInternal: {fileID: 2037163632}
  m_Script: {fileID: 11500000, guid: 05e53e4e642df4f4484e7d5c3b3aa8cb, type: 3}
--- !u!1001 &388652845
Prefab:
  m_ObjectHideFlags: 0
  serializedVersion: 2
  m_Modification:
    m_TransformParent: {fileID: 0}
    m_Modifications:
    - target: {fileID: 4914041619281704, guid: a83bc85638633134dae6c61d7e416657, type: 2}
      propertyPath: m_LocalPosition.x
      value: 8
      objectReference: {fileID: 0}
    - target: {fileID: 4914041619281704, guid: a83bc85638633134dae6c61d7e416657, type: 2}
      propertyPath: m_LocalPosition.y
      value: 0.75
      objectReference: {fileID: 0}
    - target: {fileID: 4914041619281704, guid: a83bc85638633134dae6c61d7e416657, type: 2}
      propertyPath: m_LocalPosition.z
      value: 0
      objectReference: {fileID: 0}
    - target: {fileID: 4914041619281704, guid: a83bc85638633134dae6c61d7e416657, type: 2}
      propertyPath: m_LocalRotation.x
      value: 0
      objectReference: {fileID: 0}
    - target: {fileID: 4914041619281704, guid: a83bc85638633134dae6c61d7e416657, type: 2}
      propertyPath: m_LocalRotation.y
      value: 0
      objectReference: {fileID: 0}
    - target: {fileID: 4914041619281704, guid: a83bc85638633134dae6c61d7e416657, type: 2}
      propertyPath: m_LocalRotation.z
      value: 0
      objectReference: {fileID: 0}
    - target: {fileID: 4914041619281704, guid: a83bc85638633134dae6c61d7e416657, type: 2}
      propertyPath: m_LocalRotation.w
      value: 1
      objectReference: {fileID: 0}
    - target: {fileID: 4914041619281704, guid: a83bc85638633134dae6c61d7e416657, type: 2}
      propertyPath: m_RootOrder
      value: 4
      objectReference: {fileID: 0}
    - target: {fileID: 114693182691074602, guid: a83bc85638633134dae6c61d7e416657,
        type: 2}
      propertyPath: paddle
      value: 
      objectReference: {fileID: 152300215}
    m_RemovedComponents: []
  m_ParentPrefab: {fileID: 100100000, guid: a83bc85638633134dae6c61d7e416657, type: 2}
  m_IsPrefabParent: 0
--- !u!1 &406260193
GameObject:
  m_ObjectHideFlags: 0
  m_PrefabParentObject: {fileID: 0}
  m_PrefabInternal: {fileID: 0}
  serializedVersion: 5
  m_Component:
  - component: {fileID: 406260194}
  m_Layer: 0
  m_Name: BottomRow
  m_TagString: Untagged
  m_Icon: {fileID: 0}
  m_NavMeshLayer: 0
  m_StaticEditorFlags: 0
  m_IsActive: 1
--- !u!4 &406260194
Transform:
  m_ObjectHideFlags: 0
  m_PrefabParentObject: {fileID: 0}
  m_PrefabInternal: {fileID: 0}
  m_GameObject: {fileID: 406260193}
  m_LocalRotation: {x: -0, y: -0, z: -0, w: 1}
  m_LocalPosition: {x: 0, y: 0, z: 0}
  m_LocalScale: {x: 1, y: 1, z: 1}
  m_Children:
  - {fileID: 508751029}
  m_Father: {fileID: 1392699374}
  m_RootOrder: 0
  m_LocalEulerAnglesHint: {x: 0, y: 0, z: 0}
--- !u!1001 &508751028
Prefab:
  m_ObjectHideFlags: 0
  serializedVersion: 2
  m_Modification:
    m_TransformParent: {fileID: 406260194}
    m_Modifications:
    - target: {fileID: 4759875932837506, guid: 900dd9abb7abf3649898a04caf143791, type: 2}
      propertyPath: m_LocalPosition.x
      value: 11.5
      objectReference: {fileID: 0}
    - target: {fileID: 4759875932837506, guid: 900dd9abb7abf3649898a04caf143791, type: 2}
      propertyPath: m_LocalPosition.y
      value: 6.4
      objectReference: {fileID: 0}
    - target: {fileID: 4759875932837506, guid: 900dd9abb7abf3649898a04caf143791, type: 2}
      propertyPath: m_LocalPosition.z
      value: 0
      objectReference: {fileID: 0}
    - target: {fileID: 4759875932837506, guid: 900dd9abb7abf3649898a04caf143791, type: 2}
      propertyPath: m_LocalRotation.x
      value: -0
      objectReference: {fileID: 0}
    - target: {fileID: 4759875932837506, guid: 900dd9abb7abf3649898a04caf143791, type: 2}
      propertyPath: m_LocalRotation.y
      value: -0
      objectReference: {fileID: 0}
    - target: {fileID: 4759875932837506, guid: 900dd9abb7abf3649898a04caf143791, type: 2}
      propertyPath: m_LocalRotation.z
      value: -0
      objectReference: {fileID: 0}
    - target: {fileID: 4759875932837506, guid: 900dd9abb7abf3649898a04caf143791, type: 2}
      propertyPath: m_LocalRotation.w
      value: 1
      objectReference: {fileID: 0}
    - target: {fileID: 4759875932837506, guid: 900dd9abb7abf3649898a04caf143791, type: 2}
      propertyPath: m_RootOrder
      value: 0
      objectReference: {fileID: 0}
    - target: {fileID: 1768584378273216, guid: 900dd9abb7abf3649898a04caf143791, type: 2}
      propertyPath: m_Name
      value: 1 hit (3)
      objectReference: {fileID: 0}
    m_RemovedComponents: []
  m_ParentPrefab: {fileID: 100100000, guid: 900dd9abb7abf3649898a04caf143791, type: 2}
  m_IsPrefabParent: 0
--- !u!4 &508751029 stripped
Transform:
  m_PrefabParentObject: {fileID: 4759875932837506, guid: 900dd9abb7abf3649898a04caf143791,
    type: 2}
  m_PrefabInternal: {fileID: 508751028}
--- !u!1001 &570029327
Prefab:
  m_ObjectHideFlags: 0
  serializedVersion: 2
  m_Modification:
    m_TransformParent: {fileID: 0}
    m_Modifications:
    - target: {fileID: 4440590353875524, guid: 3c102c492f0e9eb4bbacd608f613fe95, type: 2}
      propertyPath: m_LocalPosition.x
      value: 0
      objectReference: {fileID: 0}
    - target: {fileID: 4440590353875524, guid: 3c102c492f0e9eb4bbacd608f613fe95, type: 2}
      propertyPath: m_LocalPosition.y
      value: 0
      objectReference: {fileID: 0}
    - target: {fileID: 4440590353875524, guid: 3c102c492f0e9eb4bbacd608f613fe95, type: 2}
      propertyPath: m_LocalPosition.z
      value: 0
      objectReference: {fileID: 0}
    - target: {fileID: 4440590353875524, guid: 3c102c492f0e9eb4bbacd608f613fe95, type: 2}
      propertyPath: m_LocalRotation.x
      value: 0
      objectReference: {fileID: 0}
    - target: {fileID: 4440590353875524, guid: 3c102c492f0e9eb4bbacd608f613fe95, type: 2}
      propertyPath: m_LocalRotation.y
      value: 0
      objectReference: {fileID: 0}
    - target: {fileID: 4440590353875524, guid: 3c102c492f0e9eb4bbacd608f613fe95, type: 2}
      propertyPath: m_LocalRotation.z
      value: 0
      objectReference: {fileID: 0}
    - target: {fileID: 4440590353875524, guid: 3c102c492f0e9eb4bbacd608f613fe95, type: 2}
      propertyPath: m_LocalRotation.w
      value: 1
      objectReference: {fileID: 0}
    - target: {fileID: 4440590353875524, guid: 3c102c492f0e9eb4bbacd608f613fe95, type: 2}
      propertyPath: m_RootOrder
      value: 2
      objectReference: {fileID: 0}
    - target: {fileID: 114108793032079448, guid: 3c102c492f0e9eb4bbacd608f613fe95,
        type: 2}
      propertyPath: levelManager
      value: 
      objectReference: {fileID: 126470338}
    m_RemovedComponents: []
  m_ParentPrefab: {fileID: 100100000, guid: 3c102c492f0e9eb4bbacd608f613fe95, type: 2}
  m_IsPrefabParent: 0
--- !u!1001 &719395679
Prefab:
  m_ObjectHideFlags: 0
  serializedVersion: 2
  m_Modification:
    m_TransformParent: {fileID: 0}
    m_Modifications:
    - target: {fileID: 4048728838276714, guid: 69a7eb453643b1249a2598bed4583883, type: 2}
      propertyPath: m_LocalPosition.x
      value: 0
      objectReference: {fileID: 0}
    - target: {fileID: 4048728838276714, guid: 69a7eb453643b1249a2598bed4583883, type: 2}
      propertyPath: m_LocalPosition.y
      value: 0
      objectReference: {fileID: 0}
    - target: {fileID: 4048728838276714, guid: 69a7eb453643b1249a2598bed4583883, type: 2}
      propertyPath: m_LocalPosition.z
      value: 0
      objectReference: {fileID: 0}
    - target: {fileID: 4048728838276714, guid: 69a7eb453643b1249a2598bed4583883, type: 2}
      propertyPath: m_LocalRotation.x
      value: 0
      objectReference: {fileID: 0}
    - target: {fileID: 4048728838276714, guid: 69a7eb453643b1249a2598bed4583883, type: 2}
      propertyPath: m_LocalRotation.y
      value: 0
      objectReference: {fileID: 0}
    - target: {fileID: 4048728838276714, guid: 69a7eb453643b1249a2598bed4583883, type: 2}
      propertyPath: m_LocalRotation.z
      value: 0
      objectReference: {fileID: 0}
    - target: {fileID: 4048728838276714, guid: 69a7eb453643b1249a2598bed4583883, type: 2}
      propertyPath: m_LocalRotation.w
      value: 1
      objectReference: {fileID: 0}
    - target: {fileID: 4048728838276714, guid: 69a7eb453643b1249a2598bed4583883, type: 2}
      propertyPath: m_RootOrder
      value: 1
      objectReference: {fileID: 0}
    m_RemovedComponents: []
  m_ParentPrefab: {fileID: 100100000, guid: 69a7eb453643b1249a2598bed4583883, type: 2}
  m_IsPrefabParent: 0
--- !u!4 &1374305591 stripped
Transform:
  m_PrefabParentObject: {fileID: 4759875932837506, guid: e009dbce31d78484ca3550b8d3c136c3,
    type: 2}
  m_PrefabInternal: {fileID: 1934211456}
--- !u!1 &1392699373
GameObject:
  m_ObjectHideFlags: 0
  m_PrefabParentObject: {fileID: 0}
  m_PrefabInternal: {fileID: 0}
  serializedVersion: 5
  m_Component:
  - component: {fileID: 1392699374}
  m_Layer: 0
  m_Name: Bricks
  m_TagString: Untagged
  m_Icon: {fileID: 0}
  m_NavMeshLayer: 0
  m_StaticEditorFlags: 0
  m_IsActive: 1
--- !u!4 &1392699374
Transform:
  m_ObjectHideFlags: 0
  m_PrefabParentObject: {fileID: 0}
  m_PrefabInternal: {fileID: 0}
  m_GameObject: {fileID: 1392699373}
  m_LocalRotation: {x: 0, y: 0, z: 0, w: 1}
  m_LocalPosition: {x: 0, y: 0, z: 0}
  m_LocalScale: {x: 1, y: 1, z: 1}
  m_Children:
  - {fileID: 406260194}
  - {fileID: 2061533806}
  - {fileID: 1935603711}
  - {fileID: 1374305591}
  m_Father: {fileID: 0}
  m_RootOrder: 3
  m_LocalEulerAnglesHint: {x: 0, y: 0, z: 0}
--- !u!1001 &1761465704
Prefab:
  m_ObjectHideFlags: 0
  serializedVersion: 2
  m_Modification:
    m_TransformParent: {fileID: 0}
    m_Modifications:
    - target: {fileID: 4228264737902608, guid: d5dee624d7a68bb43b4f222afab588c0, type: 2}
      propertyPath: m_LocalPosition.x
      value: 8
      objectReference: {fileID: 0}
    - target: {fileID: 4228264737902608, guid: d5dee624d7a68bb43b4f222afab588c0, type: 2}
      propertyPath: m_LocalPosition.y
      value: 4.5
      objectReference: {fileID: 0}
    - target: {fileID: 4228264737902608, guid: d5dee624d7a68bb43b4f222afab588c0, type: 2}
      propertyPath: m_LocalPosition.z
      value: -10
      objectReference: {fileID: 0}
    - target: {fileID: 4228264737902608, guid: d5dee624d7a68bb43b4f222afab588c0, type: 2}
      propertyPath: m_LocalRotation.x
      value: 0
      objectReference: {fileID: 0}
    - target: {fileID: 4228264737902608, guid: d5dee624d7a68bb43b4f222afab588c0, type: 2}
      propertyPath: m_LocalRotation.y
      value: 0
      objectReference: {fileID: 0}
    - target: {fileID: 4228264737902608, guid: d5dee624d7a68bb43b4f222afab588c0, type: 2}
      propertyPath: m_LocalRotation.z
      value: 0
      objectReference: {fileID: 0}
    - target: {fileID: 4228264737902608, guid: d5dee624d7a68bb43b4f222afab588c0, type: 2}
      propertyPath: m_LocalRotation.w
      value: 1
      objectReference: {fileID: 0}
    - target: {fileID: 4228264737902608, guid: d5dee624d7a68bb43b4f222afab588c0, type: 2}
      propertyPath: m_RootOrder
      value: 0
      objectReference: {fileID: 0}
    m_RemovedComponents: []
  m_ParentPrefab: {fileID: 100100000, guid: d5dee624d7a68bb43b4f222afab588c0, type: 2}
  m_IsPrefabParent: 0
--- !u!1001 &1934211456
Prefab:
  m_ObjectHideFlags: 0
  serializedVersion: 2
  m_Modification:
    m_TransformParent: {fileID: 1392699374}
    m_Modifications:
    - target: {fileID: 4759875932837506, guid: e009dbce31d78484ca3550b8d3c136c3, type: 2}
      propertyPath: m_LocalPosition.x
      value: 7
      objectReference: {fileID: 0}
    - target: {fileID: 4759875932837506, guid: e009dbce31d78484ca3550b8d3c136c3, type: 2}
      propertyPath: m_LocalPosition.y
      value: 6
      objectReference: {fileID: 0}
    - target: {fileID: 4759875932837506, guid: e009dbce31d78484ca3550b8d3c136c3, type: 2}
      propertyPath: m_LocalPosition.z
      value: 0
      objectReference: {fileID: 0}
    - target: {fileID: 4759875932837506, guid: e009dbce31d78484ca3550b8d3c136c3, type: 2}
      propertyPath: m_LocalRotation.x
      value: 0
      objectReference: {fileID: 0}
    - target: {fileID: 4759875932837506, guid: e009dbce31d78484ca3550b8d3c136c3, type: 2}
      propertyPath: m_LocalRotation.y
      value: 0
      objectReference: {fileID: 0}
    - target: {fileID: 4759875932837506, guid: e009dbce31d78484ca3550b8d3c136c3, type: 2}
      propertyPath: m_LocalRotation.z
      value: 0
      objectReference: {fileID: 0}
    - target: {fileID: 4759875932837506, guid: e009dbce31d78484ca3550b8d3c136c3, type: 2}
      propertyPath: m_LocalRotation.w
      value: 1
      objectReference: {fileID: 0}
    - target: {fileID: 4759875932837506, guid: e009dbce31d78484ca3550b8d3c136c3, type: 2}
      propertyPath: m_RootOrder
      value: 3
      objectReference: {fileID: 0}
    m_RemovedComponents: []
  m_ParentPrefab: {fileID: 100100000, guid: e009dbce31d78484ca3550b8d3c136c3, type: 2}
  m_IsPrefabParent: 0
--- !u!1 &1935603710
GameObject:
  m_ObjectHideFlags: 0
  m_PrefabParentObject: {fileID: 0}
  m_PrefabInternal: {fileID: 0}
  serializedVersion: 5
  m_Component:
  - component: {fileID: 1935603711}
  m_Layer: 0
  m_Name: TopRow
  m_TagString: Untagged
  m_Icon: {fileID: 0}
  m_NavMeshLayer: 0
  m_StaticEditorFlags: 0
  m_IsActive: 1
--- !u!4 &1935603711
Transform:
  m_ObjectHideFlags: 0
  m_PrefabParentObject: {fileID: 0}
  m_PrefabInternal: {fileID: 0}
  m_GameObject: {fileID: 1935603710}
  m_LocalRotation: {x: -0, y: -0, z: -0, w: 1}
  m_LocalPosition: {x: 0, y: 0, z: 0}
  m_LocalScale: {x: 1, y: 1, z: 1}
  m_Children: []
  m_Father: {fileID: 1392699374}
  m_RootOrder: 2
  m_LocalEulerAnglesHint: {x: 0, y: 0, z: 0}
--- !u!1001 &2037163632
Prefab:
  m_ObjectHideFlags: 0
  serializedVersion: 2
  m_Modification:
    m_TransformParent: {fileID: 0}
    m_Modifications:
    - target: {fileID: 60604934234536938, guid: ca257edba88d0f946835c08c4100ba24,
        type: 2}
      propertyPath: m_Points.m_Paths.Array.data[0].Array.size
      value: 4
      objectReference: {fileID: 0}
    - target: {fileID: 4040470477242190, guid: ca257edba88d0f946835c08c4100ba24, type: 2}
      propertyPath: m_LocalPosition.x
      value: 8
      objectReference: {fileID: 0}
    - target: {fileID: 4040470477242190, guid: ca257edba88d0f946835c08c4100ba24, type: 2}
      propertyPath: m_LocalPosition.y
      value: 0.5
      objectReference: {fileID: 0}
    - target: {fileID: 4040470477242190, guid: ca257edba88d0f946835c08c4100ba24, type: 2}
      propertyPath: m_LocalPosition.z
      value: 0
      objectReference: {fileID: 0}
    - target: {fileID: 4040470477242190, guid: ca257edba88d0f946835c08c4100ba24, type: 2}
      propertyPath: m_LocalRotation.x
      value: 0
      objectReference: {fileID: 0}
    - target: {fileID: 4040470477242190, guid: ca257edba88d0f946835c08c4100ba24, type: 2}
      propertyPath: m_LocalRotation.y
      value: 0
      objectReference: {fileID: 0}
    - target: {fileID: 4040470477242190, guid: ca257edba88d0f946835c08c4100ba24, type: 2}
      propertyPath: m_LocalRotation.z
      value: 0
      objectReference: {fileID: 0}
    - target: {fileID: 4040470477242190, guid: ca257edba88d0f946835c08c4100ba24, type: 2}
      propertyPath: m_LocalRotation.w
      value: 1
      objectReference: {fileID: 0}
    - target: {fileID: 4040470477242190, guid: ca257edba88d0f946835c08c4100ba24, type: 2}
      propertyPath: m_RootOrder
      value: 5
      objectReference: {fileID: 0}
    - target: {fileID: 114081518606128162, guid: ca257edba88d0f946835c08c4100ba24,
        type: 2}
      propertyPath: autoPlay
      value: 1
      objectReference: {fileID: 0}
    - target: {fileID: 60604934234536938, guid: ca257edba88d0f946835c08c4100ba24,
        type: 2}
      propertyPath: m_Points.m_Paths.Array.data[0].Array.data[1].x
      value: -0.49708223
      objectReference: {fileID: 0}
    - target: {fileID: 60604934234536938, guid: ca257edba88d0f946835c08c4100ba24,
        type: 2}
      propertyPath: m_Points.m_Paths.Array.data[0].Array.data[1].y
      value: -0.15875438
      objectReference: {fileID: 0}
    - target: {fileID: 60604934234536938, guid: ca257edba88d0f946835c08c4100ba24,
        type: 2}
      propertyPath: m_Points.m_Paths.Array.data[0].Array.data[2].y
      value: -0.16015625
      objectReference: {fileID: 0}
    - target: {fileID: 60604934234536938, guid: ca257edba88d0f946835c08c4100ba24,
        type: 2}
      propertyPath: m_Points.m_Paths.Array.data[0].Array.data[3].x
      value: 0.5
      objectReference: {fileID: 0}
    - target: {fileID: 60604934234536938, guid: ca257edba88d0f946835c08c4100ba24,
        type: 2}
      propertyPath: m_Points.m_Paths.Array.data[0].Array.data[3].y
      value: 0.16015625
      objectReference: {fileID: 0}
    m_RemovedComponents: []
  m_ParentPrefab: {fileID: 100100000, guid: ca257edba88d0f946835c08c4100ba24, type: 2}
  m_IsPrefabParent: 0
--- !u!1 &2061533805
GameObject:
  m_ObjectHideFlags: 0
  m_PrefabParentObject: {fileID: 0}
  m_PrefabInternal: {fileID: 0}
  serializedVersion: 5
  m_Component:
  - component: {fileID: 2061533806}
  m_Layer: 0
  m_Name: MiddleRow
  m_TagString: Untagged
  m_Icon: {fileID: 0}
  m_NavMeshLayer: 0
  m_StaticEditorFlags: 0
  m_IsActive: 1
--- !u!4 &2061533806
Transform:
  m_ObjectHideFlags: 0
  m_PrefabParentObject: {fileID: 0}
  m_PrefabInternal: {fileID: 0}
  m_GameObject: {fileID: 2061533805}
  m_LocalRotation: {x: -0, y: -0, z: -0, w: 1}
  m_LocalPosition: {x: 0, y: 0, z: 0}
  m_LocalScale: {x: 1, y: 1, z: 1}
  m_Children: []
  m_Father: {fileID: 1392699374}
  m_RootOrder: 1
  m_LocalEulerAnglesHint: {x: 0, y: 0, z: 0}
